<?xml version="1.0" encoding="UTF-8"?>
<collection xmlns:xsi="http://www.w3.org/2001/XMLSchema-instance" xsi:schemaLocation="http://www.loc.gov/MARC21/slim http://www.loc.gov/standards/marcxml/schema/MARC21slim.xsd" xmlns="http://www.loc.gov/MARC21/slim">
<record>
  <leader>01513cam a2200361   4500</leader>
  <controlfield tag="001">513902</controlfield>
  <controlfield tag="003">NNC</controlfield>
  <controlfield tag="005">20150123131003.0</controlfield>
  <controlfield tag="008">860826r19621906iq            000 0 arax </controlfield>
  <datafield tag="010" ind1=" " ind2=" ">
    <subfield code="a">   68004737/NE </subfield>
  </datafield>
  <datafield tag="025" ind1=" " ind2=" ">
    <subfield code="a">PL480:UAR-3624</subfield>
  </datafield>
  <datafield tag="035" ind1=" " ind2=" ">
    <subfield code="a">(OCoLC)506173566</subfield>
  </datafield>
  <datafield tag="035" ind1=" " ind2=" ">
    <subfield code="a">(OCoLC)ocn506173566</subfield>
  </datafield>
  <datafield tag="035" ind1=" " ind2=" ">
    <subfield code="a">(CStRLIN)NYCG86-B94486</subfield>
  </datafield>
  <datafield tag="035" ind1=" " ind2=" ">
    <subfield code="9">ACF5487CU</subfield>
  </datafield>
  <datafield tag="035" ind1=" " ind2=" ">
    <subfield code="a">(NNC)513902</subfield>
  </datafield>
  <datafield tag="040" ind1=" " ind2=" ">
    <subfield code="c">NNC</subfield>
    <subfield code="d">NNC</subfield>
  </datafield>
  <datafield tag="050" ind1="0" ind2=" ">
    <subfield code="a">G93</subfield>
    <subfield code="b">.M94 1962</subfield>
  </datafield>
  <datafield tag="090" ind1=" " ind2=" ">
    <subfield code="a">G93</subfield>
    <subfield code="b">.M94 1962</subfield>
  </datafield>
  <datafield tag="100" ind1="1" ind2=" ">
    <subfield code="a">Muqaddasī, Muḥammad ibn Aḥmad,</subfield>
    <subfield code="d">approximately 946-</subfield>
  </datafield>
  <datafield tag="240" ind1="1" ind2="0">
    <subfield code="a">Aḥsan al-taqāsīm fī maʻrifat al-aqālīm</subfield>
  </datafield>
  <datafield tag="245" ind1="1" ind2="0">
    <subfield code="a">Kitāb aḥsan al-taqāsīm fī maʻrifat al-aqālīm,</subfield>
    <subfield code="c">lil-Muqaddasī al-maʻrūf bi-al-Bashshārī.</subfield>
  </datafield>
  <datafield tag="250" ind1=" " ind2=" ">
    <subfield code="a">al-Ṭabʻah 2.</subfield>
  </datafield>
  <datafield tag="260" ind1=" " ind2=" ">
    <subfield code="a">Laydan,</subfield>
    <subfield code="b">Maṭbaʻat Brīl,</subfield>
    <subfield code="c">1906.</subfield>
    <subfield code="a">[Baghdād,</subfield>
    <subfield code="b">Maktabat al-Muthanná</subfield>
    <subfield code="c">1962?]</subfield>
  </datafield>
  <datafield tag="300" ind1=" " ind2=" ">
    <subfield code="a">498, vii p.</subfield>
    <subfield code="c">25 cm.</subfield>
  </datafield>
  <datafield tag="490" ind1="1" ind2=" ">
    <subfield code="a">Bibliotheca geographorum Arabicorum,</subfield>
    <subfield code="v">pars 3.</subfield>
  </datafield>
  <datafield tag="500" ind1=" " ind2=" ">
    <subfield code="a">Added t. p.: Descriptio imperii Moslemici, auctore Shams ad-dīn Abū Abdallah Mohammed ibn Ahmed ibn abī Bekr al-Bannā al-Basshārī al-Moqaddasi, edidit M. J. de Goeje.</subfield>
  </datafield>
  <datafield tag="500" ind1=" " ind2=" ">
    <subfield code="a">Indexes, glossary, addenda and emendanda to this vol. are included in pt. 4 of the series.</subfield>
  </datafield>
  <datafield tag="500" ind1=" " ind2=" ">
    <subfield code="a">Photo-offset.</subfield>
  </datafield>
  <datafield tag="650" ind1=" " ind2="0">
    <subfield code="a">Geography, Arab.</subfield>
  </datafield>
  <datafield tag="700" ind1="1" ind2=" ">
    <subfield code="a">Goeje, M. J. de</subfield>
    <subfield code="q">(Michael Jan),</subfield>
    <subfield code="d">1836-1909.</subfield>
  </datafield>
  <datafield tag="740" ind1="0" ind2="1">
    <subfield code="a">Aḥsan al-taqāsīm fī maʻrifat al-aqālīm.</subfield>
  </datafield>
  <datafield tag="830" ind1=" " ind2="0">
    <subfield code="a">Bibliotheca geographorum Arabicorum ;</subfield>
    <subfield code="v">v. I-3.</subfield>
  </datafield>
  <datafield tag="955" ind1=" " ind2=" ">
    <subfield code="b">0113806696</subfield>
    <subfield code="d">glx</subfield>
    <subfield code="e">G93 .M94 1962</subfield>
  </datafield>
</record>
</collection>